@book
{
    AM69,
    AUTHOR     = {Atiyah, M. F. and Macdonald, I. G.},
    TITLE      = {Introduction to commutative algebra},
    PUBLISHER  = {Addison-Wesley Publishing Co., Reading, Mass.-London-Don
                  Mills, Ont.},
    YEAR       = {1969},
    PAGES      = {ix+128},
    MRCLASS    = {13.00},
    MRNUMBER   = {0242802 (39 \#4129)},
    MRREVIEWER = {J. A. Johnson},
}

@book
{
    Har77,
    AUTHOR     = {Hartshorne, R.},
    TITLE      = {Algebraic geometry},
    NOTE       = {Graduate Texts in Mathematics, No. 52},
    PUBLISHER  = {Springer-Verlag, New York-Heidelberg},
    YEAR       = {1977},
    ISBN       = {0-387-90244-9},
    MRCLASS    = {14-01},
    MRNUMBER   = {0463157 (57 \#3116)},
    MRREVIEWER = {Robert Speiser},
}